<record><leader>00000cas a22000007a 4500</leader><controlfield tag="001">12904717</controlfield><controlfield tag="008">851213d18841894vauwr ne      0    0eng d</controlfield><datafield ind1=" " ind2=" " tag="010"><subfield code="a">sn 85034497 </subfield></datafield><datafield ind1=" " ind2=" " tag="040"><subfield code="a">NPU</subfield><subfield code="b">eng</subfield><subfield code="c">NPU</subfield><subfield code="d">NVK</subfield><subfield code="d">OCLCQ</subfield></datafield><datafield ind1=" " ind2=" " tag="042"><subfield code="a">msc</subfield></datafield><datafield ind1="0" ind2=" " tag="130"><subfield code="a">Winchester leader (Winchester, Va. : 1884 : Weekly)</subfield></datafield><datafield ind1="1" ind2="0" tag="245"><subfield code="a">Winchester leader.</subfield></datafield><datafield ind1=" " ind2=" " tag="260"><subfield code="a">Winchester, Va. :</subfield><subfield code="b">[s.n.]</subfield></datafield><datafield ind1=" " ind2=" " tag="310"><subfield code="a">Weekly</subfield></datafield><datafield ind1="1" ind2=" " tag="362"><subfield code="a">Began in 1884; ceased in 1894 .</subfield><subfield code="z">Cf. Gregory, W. Amer. newspapers.</subfield></datafield><datafield ind1=" " ind2=" " tag="500"><subfield code="a">July 6, 1888 issue reduced size memento 4th of July.</subfield></datafield><datafield ind1=" " ind2=" " tag="500"><subfield code="a">Editor: T.H. Gosorn, &lt;1888&gt;.</subfield></datafield><datafield ind1=" " ind2=" " tag="752"><subfield code="a">United States</subfield><subfield code="b">Virginia</subfield><subfield code="d">Winchester.</subfield></datafield><datafield ind1="0" ind2="0" tag="785"><subfield code="t">Republican leader (Winchester, Va.)</subfield><subfield code="w">(DLC)sn 96096594</subfield></datafield></record>